@inproceedings{ajithStudyPredictionSpreading2020,
  title = {A Study on Prediction and Spreading of Epidemic Diseases},
  booktitle = {2020 International Conference on Communication and Signal Processing (ICCSP)},
  author = {Ajith, Achyuth and Manoj, Karthika and Kiran, H and Pillai, Pooja Jayakumar and Nair, Jyothisha J},
  year = {2020},
  month = jul,
  pages = {1265--1268},
  doi = {10.1109/ICCSP48568.2020.9182147},
  urldate = {2025-01-18},
  langid = {american},
  annotation = {TLDR: Different compartmental models that can be used to determine spreading of the West Nile virus can be an aid to the health care systems to prevent such deadly viruses to an extent.},
  file = {C:\Users\Administrator\Zotero\storage\D36S2KCY\Ajith 等 - 2020 - A study on prediction and spreading of epidemic diseases.pdf}
}

@misc{AR6SynthesisReport,
  title = {AR6 Synthesis Report: Climate Change 2023 --- IPCC},
  urldate = {2025-01-18},
  langid = {american},
  file = {C:\Users\Administrator\Zotero\storage\VI7T4FP2\sixth-assessment-report-cycle.html}
}

@article{ayusComparisonMachineLearning2023,
  title = {Comparison of Machine Learning and Deep Learning Techniques for the Prediction of Air Pollution: A Case Study from China},
  author = {Ayus, Ishan and Natarajan, Narayanan and Gupta, Deepak},
  year = {2023},
  month = may,
  journal = {Asian Journal of Atmospheric Environment},
  volume = {17},
  number = {1},
  pages = {4},
  issn = {2287-1160},
  doi = {10.1007/s44273-023-00005-w},
  urldate = {2025-01-17},
  langid = {english},
  annotation = {TLDR: The results suggest that the machine learning model, XGBoost, outperforms the deep learning models in the estimation of the air quality index (AQI), and RNN and Bi-GRU are the least performing ones.},
  file = {C:\Users\Administrator\Zotero\storage\S4UL4AXD\Ayus 等 - 2023 - Comparison of machine learning and deep learning techniques for the prediction of air pollution A c.pdf}
}

@article{baiNovelCombinedMultivariate2025,
  title = {A Novel Combined Multi-Variate Prediction Framework for Air Pollution Based on Feature Selection and Deep Learning Models},
  author = {Bai, Lu and Du, Pei and Wang, Shubin and Li, Hongmin and Wang, Jianzhou},
  year = {2025},
  month = jan,
  journal = {Process Safety and Environmental Protection},
  volume = {193},
  pages = {1157--1172},
  issn = {0957-5820},
  doi = {10.1016/j.psep.2024.11.089},
  urldate = {2025-01-17},
  langid = {american},
  file = {C:\Users\Administrator\Zotero\storage\UM4UN4H9\S0957582024015106.html}
}

@article{BanBeiJingShiBuTongDuLiangFangShiXiaChouYangDuanQiBaoLuRenQunJiXingJianKangXiaoYingYanJiu2016,
  title = {北京市不同度量方式下臭氧短期暴露人群急性健康效应研究},
  author = {班, 婕 and 李, 湉湉},
  year = {2016},
  journal = {环境与健康杂志},
  volume = {33},
  number = {4},
  pages = {287--291},
  issn = {1001-5914},
  doi = {10.16241/j.cnki.1001-5914.2016.04.002},
  urldate = {2025-01-18},
  langid = {chinese}
}

@article{bernalInterruptedTimeSeries2017,
  title = {Interrupted Time Series Regression for the Evaluation of Public Health Interventions: A Tutorial},
  author = {Bernal, James Lopez and Cummins, Steven and Gasparrini, Antonio},
  year = {2017},
  month = feb,
  journal = {International Journal of Epidemiology},
  volume = {46},
  number = {1},
  pages = {348--355},
  publisher = {Oxford Academic},
  issn = {0300-5771},
  doi = {10.1093/ije/dyw098},
  urldate = {2025-01-18},
  langid = {english},
  annotation = {TLDR: This tutorial uses a worked example to demonstrate a robust approach to ITS analysis using segmented regression and describes the main methodological issues associated with ITS analysis: over-dispersion of time series data, autocorrelation, adjusting for seasonal trends and controlling for time-varying confounders.},
  file = {C:\Users\Administrator\Zotero\storage\BDH2VPRC\Bernal 等 - 2017 - Interrupted time series regression for the evaluation of public health interventions A tutorial.pdf}
}

@article{chadalavadaApplicationArtificialIntelligence2025,
  title = {Application of Artificial Intelligence in Air Pollution Monitoring and Forecasting: A Systematic Review},
  author = {Chadalavada, Sreeni and Faust, Oliver and Salvi, Massimo and Seoni, Silvia and Raj, Nawin and Raghavendra, U. and Gudigar, Anjan and Barua, Prabal Datta and Molinari, Filippo and Acharya, Rajendra},
  year = {2025},
  month = feb,
  journal = {Environmental Modelling \& Software},
  volume = {185},
  pages = {106312},
  issn = {1364-8152},
  doi = {10.1016/j.envsoft.2024.106312},
  urldate = {2025-01-17},
  langid = {american},
  file = {C:\Users\Administrator\Zotero\storage\TFY8CI42\S1364815224003736.html}
}

@article{ChenBeiJingDiQuChouYangShiKongFenBuTeZhengDeFeiJiTanCeYanJiu2012,
  title = {北京地区臭氧时空分布特征的飞机探测研究},
  author = {陈, 鹏飞 and 张, 蔷 and 权, 建农 and 高, 扬 and 黄, 梦宇},
  year = {2012},
  journal = {环境科学},
  volume = {33},
  number = {12},
  pages = {4141--4150},
  issn = {0250-3301},
  doi = {10.13227/j.hjkx.2012.12.017},
  urldate = {2025-01-18},
  langid = {chinese}
}

@article{ChenJiYuXiaoBoBianHuanYuChuanTongShiJianXuLieMoXingDeChouYangNongDuDuoBuYuCe2013,
  title = {基于小波变换与传统时间序列模型的臭氧浓度多步预测},
  author = {陈, 亚玲 and 赵, 智杰},
  year = {2013},
  journal = {环境科学学报},
  volume = {33},
  number = {2},
  pages = {339--345},
  issn = {0253-2468},
  doi = {10.13671/j.hjkxxb.2013.02.034},
  urldate = {2025-01-18},
  langid = {chinese}
}

@article{chenOzoneDailyMortality2014,
  title = {Ozone and Daily Mortality Rate in 21 Cities of East Asia: How Does Season Modify the Association?},
  author = {Chen, Renjie and Cai, Jing and Meng, Xia and Kim, Ho and Honda, Yasushi and Guo, Yue Leon and Samoli, Evangelia and Yang, Xin and Kan, Haidong},
  year = {2014},
  month = oct,
  journal = {American Journal of Epidemiology},
  volume = {180},
  number = {7},
  pages = {729--736},
  issn = {0002-9262},
  doi = {10.1093/aje/kwu183},
  urldate = {2025-01-17},
  langid = {american},
  annotation = {TLDR: Significant associations between short-term exposure to ozone and higher mortality rate in East Asia that varied considerably from season to season with a significant trough in winter is found.},
  file = {C\:\\Users\\Administrator\\Zotero\\storage\\ABX6H6YP\\Chen 等 - 2014 - Ozone and daily mortality rate in 21 cities of east asia How does season modify the association.pdf;C\:\\Users\\Administrator\\Zotero\\storage\\EMUIAWGX\\149673.html}
}

@article{davalosCurrentApproachesUsed2017,
  title = {Current Approaches Used in Epidemiologic Studies to Examine Short-Term Multipollutant Air Pollution Exposures},
  author = {Davalos, Angel D. and Luben, Thomas J. and Herring, Amy H. and Sacks, Jason D.},
  year = {2017},
  month = feb,
  journal = {Annals of Epidemiology},
  volume = {27},
  number = {2},
  pages = {145-153.e1},
  issn = {1047-2797},
  doi = {10.1016/j.annepidem.2016.11.016},
  urldate = {2025-01-18},
  langid = {american},
  annotation = {TLDR: By highlighting the characteristics of various studies in which multipollutant statistical methods have been used, this review provides epidemiologists and biostatisticians with a resource to aid in the selection of the most optimal statistical method to use when examining multipollsutant exposures.},
  file = {C\:\\Users\\Administrator\\Zotero\\storage\\98SK343B\\Davalos 等 - 2017 - Current approaches used in epidemiologic studies to examine short-term multipollutant air pollution.pdf;C\:\\Users\\Administrator\\Zotero\\storage\\U97NV5EM\\S1047279716305324.html}
}

@article{garcia-cremadesImprovingPredictionCOVID192021,
  title = {Improving Prediction of COVID-19 Evolution by Fusing Epidemiological and Mobility Data},
  author = {{Garc{\'i}a-Cremades}, Santi and {Morales-Garc{\'i}a}, Juan and {Hern{\'a}ndez-Sanjaime}, Roc{\'i}o and {Mart{\'i}nez-Espa{\~n}a}, Raquel and {Bueno-Crespo}, Andr{\'e}s and {Hern{\'a}ndez-Orallo}, Enrique and {L{\'o}pez-Esp{\'i}n}, Jos{\'e} J. and Cecilia, Jos{\'e} M.},
  year = {2021},
  month = jul,
  journal = {Scientific Reports},
  volume = {11},
  number = {1},
  pages = {15173},
  publisher = {Nature Publishing Group},
  issn = {2045-2322},
  doi = {10.1038/s41598-021-94696-2},
  urldate = {2025-01-17},
  copyright = {2021 The Author(s)},
  langid = {english},
  annotation = {TLDR: A wide branch of models including artificial neural networks such as LSTM and GRU and statistically based models such as autoregressive (AR) or ARIMA are considered and several consensus strategies to ensemble all models into one system are proposed to obtain better results in this uncertain environment.},
  file = {C:\Users\Administrator\Zotero\storage\37KQRX5P\García-Cremades 等 - 2021 - Improving prediction of COVID-19 evolution by fusing epidemiological and mobility data.pdf}
}

@article{heComparativeAnalysisMultiple2024,
  title = {Comparative Analysis of Multiple Deep Learning Models for Forecasting Monthly Ambient PM2.5 Concentrations: A Case Study in Dezhou City, China},
  author = {He, Zhenfang and Guo, Qingchun},
  year = {2024},
  month = dec,
  journal = {Atmosphere},
  volume = {15},
  number = {12},
  pages = {1432},
  publisher = {Multidisciplinary Digital Publishing Institute},
  issn = {2073-4433},
  doi = {10.3390/atmos15121432},
  urldate = {2025-01-17},
  copyright = {http://creativecommons.org/licenses/by/3.0/},
  langid = {english},
  annotation = {TLDR: The forecasting results reveal that the CNN-GRU-LSTM predictor remarkably improves the performances of benchmark CNN, GRU and LSTM models in overall forecasting.},
  file = {C:\Users\Administrator\Zotero\storage\9BIEHVAS\He和Guo - 2024 - Comparative analysis of multiple deep learning models for forecasting monthly ambient PM2.5 concentr.pdf}
}

@article{huEffectAmbientOzone2024,
  title = {Effect of Ambient Ozone Pollution on Disease Burden Globally: A Systematic Analysis for the Global Burden of Disease Study 2019},
  author = {Hu, Wan and Yang, Junnan},
  year = {2024},
  month = may,
  journal = {Science of The Total Environment},
  volume = {926},
  pages = {171739},
  issn = {0048-9697},
  doi = {10.1016/j.scitotenv.2024.171739},
  urldate = {2025-01-17},
  langid = {american},
  annotation = {TLDR: In conclusion, ambient ozone pollution has threatened public health globally and more proactive and effective strategic measures should be developed after considering global-specific circumstances.}
}

@article{IpccAr6ZongHeBaoGao2023,
  title = {Ipcc ar6 综合报告 {\textbar} 《气候变化2023》十大重点解读},
  year = {周一, 04/03/2023 - 05:44},
  urldate = {2025-01-18},
  langid = {chinese-simplified},
  file = {C:\Users\Administrator\Zotero\storage\7S6ABVHC\2023-ipcc-ar6-synthesis-report-climate-change-findings.html}
}

@inproceedings{leeOutbreakPredictionHepatitis2020,
  title = {Outbreak Prediction of Hepatitis a in Korea Based on Statistical Analysis and LSTM Network},
  booktitle = {2020 International Conference on Artificial Intelligence in Information and Communication (ICAIIC)},
  author = {Lee, Mun Kyu and Paik, Jong Ho and Na, In Seop},
  year = {2020},
  month = feb,
  pages = {379--381},
  doi = {10.1109/ICAIIC48513.2020.9065082},
  urldate = {2025-01-18},
  langid = {american},
  annotation = {TLDR: The purpose of this paper is to design a model for predicting trends in order to minimize the damage caused by the prevalence of infectious diseases.},
  file = {C:\Users\Administrator\Zotero\storage\D5KS9SG9\Lee 等 - 2020 - Outbreak prediction of hepatitis a in korea based on statistical analysis and LSTM network.pdf}
}

@article{LiangYongYuJiYuFenCengBeiYeSiShiKongPoissonMoXingDeLiuXingBingJianMoYanJiu2022,
  title = {基于分层贝叶斯时空Poisson模型的流行病建模研究},
  author = {梁永玉 and 田茂再},
  year = {2022},
  month = feb,
  journal = {系统科学与数学},
  volume = {42},
  number = {2},
  pages = {462--472},
  issn = {1000-0577},
  doi = {10.12341/jssms20374},
  urldate = {2025-01-17},
  langid = {chinese},
  file = {C:\Users\Administrator\Zotero\storage\7HSV8NB4\梁永玉和田茂再 - 2022 - 基于分层贝叶斯时空Poisson模型的流行病建模研究.pdf}
}

@article{LiArimaShiJianXuLieFenXiMoXingZaiChouYangNongDuZhongChangQiYuBaoZhongDeYingYong2021,
  title = {Arima时间序列分析模型在臭氧浓度中长期预报中的应用},
  author = {李, 颖若 and 韩, 婷婷 and 汪, 君霞 and 权, 维俊 and 何, 迪 and 焦, 热光 and 吴, 进 and 郭, 恒 and 马, 志强},
  year = {2021},
  journal = {环境科学},
  volume = {42},
  number = {7},
  pages = {3118--3126},
  issn = {0250-3301},
  doi = {10.13227/j.hjkx.202011237},
  urldate = {2025-01-18},
  langid = {chinese},
  annotation = {TLDR: A time series analysis of ozone concentration at Shangdianzi, Baoding, and Tianjin sites found the correlation coefficient R between the predicted and observed value increased, and RMSE was effectively reduced for the 8-hour ozone average predicted by the dynamic ARIMA model.}
}

@article{lopezbernalUseControlsInterrupted2018,
  title = {The Use of Controls in Interrupted Time Series Studies of Public Health Interventions},
  author = {Lopez Bernal, James and Cummins, Steven and Gasparrini, Antonio},
  year = {2018},
  month = dec,
  journal = {International Journal of Epidemiology},
  volume = {47},
  number = {6},
  pages = {2082--2093},
  issn = {0300-5771},
  doi = {10.1093/ije/dyy135},
  urldate = {2025-01-18},
  langid = {american},
  annotation = {TLDR: Researchers undertaking controlled interrupted time series studies should carefully consider a priori what confounding events may exist and whether different controls can exclude these or if they could introduce new sources of bias to the study.},
  file = {C\:\\Users\\Administrator\\Zotero\\storage\\QZ79VPIZ\\Lopez Bernal 等 - 2018 - The use of controls in interrupted time series studies of public health interventions.pdf;C\:\\Users\\Administrator\\Zotero\\storage\\XF5VKVA7\\5049576.html}
}

@incollection{lychenkoApplicationLSTMNeural2024,
  title = {Application of LSTM Neural Networks for Air Quality Index Class Forecasting},
  booktitle = {Artificial Intelligence Algorithm Design for Systems},
  author = {Lychenko, Natalia M. and Sorokovaja, Anastasija V.},
  editor = {Silhavy, Radek and Silhavy, Petr},
  year = {2024},
  volume = {1120},
  pages = {344--356},
  publisher = {Springer Nature Switzerland},
  address = {Cham},
  doi = {10.1007/978-3-031-70518-2_31},
  urldate = {2025-01-17},
  isbn = {978-3-031-70517-5 978-3-031-70518-2},
  langid = {english},
  file = {C:\Users\Administrator\Zotero\storage\KNLLAACG\Lychenko和Sorokovaja - 2024 - Application of LSTM neural networks for air quality index class forecasting.pdf}
}

@article{moolgavkarTimeseriesAnalysesAir2013,
  title = {Time-Series Analyses of Air Pollution and Mortality in the United States: A Subsampling Approach},
  author = {Moolgavkar, Suresh H. and McClellan, Roger O. and Dewanji, Anup and Turim, Jay and Luebeck, E. Georg and Edwards, Melanie},
  year = {2013},
  month = jan,
  journal = {Environmental Health Perspectives},
  volume = {121},
  number = {1},
  pages = {73--78},
  publisher = {Environmental Health Perspectives},
  doi = {10.1289/ehp.1104507},
  urldate = {2025-01-17},
  langid = {american},
  annotation = {TLDR: Differences between the results of the analyses and those reported from using the Bayesian approach suggest that estimates of the quantitative impact of pollutants depend on the choice of statistical approach, although results are not directly comparable because they are based on different data.},
  file = {C:\Users\Administrator\Zotero\storage\UHLLWIFV\Moolgavkar 等 - 2013 - Time-series analyses of air pollution and mortality in the united states A subsampling approach.pdf}
}

@article{qiuImpactOzonePollution2024,
  title = {The Impact of Ozone Pollution on Mortality: Evidence from China},
  author = {Qiu, Yun and Liu, Yunning and Shi, Wei and Zhou, Maigeng},
  year = {2024},
  month = may,
  journal = {Journal of Environmental Economics and Management},
  volume = {125},
  pages = {102980},
  issn = {0095-0696},
  doi = {10.1016/j.jeem.2024.102980},
  urldate = {2025-01-17},
  langid = {american},
  file = {C:\Users\Administrator\Zotero\storage\VR8IW5LT\S0095069624000548.html}
}

@article{situImprovingUrbanFlood2024,
  title = {Improving Urban Flood Prediction Using LSTM-DeepLabv3+ and Bayesian Optimization with Spatiotemporal Feature Fusion},
  author = {Situ, Zuxiang and Wang, Qi and Teng, Shuai and Feng, Wanen and Chen, Gongfa and Zhou, Qianqian and Fu, Guangtao},
  year = {2024},
  month = feb,
  journal = {Journal of Hydrology},
  volume = {630},
  pages = {130743},
  issn = {0022-1694},
  doi = {10.1016/j.jhydrol.2024.130743},
  urldate = {2025-01-18},
  annotation = {TLDR: This study presented a CNN-RNN hybrid feature fusion modelling approach for urban flood prediction, which integrated the strengths of CNNs in processing spatial features and RNNs in analyzing different dimensions of time sequences.}
}

@article{turnerLongtermOzoneExposure2016,
  title = {Long-Term Ozone Exposure and Mortality in a Large Prospective Study},
  author = {Turner, Michelle C. and Jerrett, Michael and Pope, C. Arden and Krewski, Daniel and Gapstur, Susan M. and Diver, W. Ryan and Beckerman, Bernardo S. and Marshall, Julian D. and Su, Jason and Crouse, Daniel L. and Burnett, Richard T.},
  year = {2016},
  month = may,
  journal = {American Journal of Respiratory and Critical Care Medicine},
  volume = {193},
  number = {10},
  pages = {1134--1142},
  publisher = {American Thoracic Society - AJRCCM},
  issn = {1073-449X},
  doi = {10.1164/rccm.201508-1633OC},
  urldate = {2025-01-17},
  langid = {american},
  annotation = {TLDR: Findings derived from this large-scale prospective study suggest that long-term ambient O3 contributes to risk of respiratory and circulatory mortality and substantial health and environmental benefits may be achieved by implementing further measures aimed at controlling O3 concentrations.},
  file = {C:\Users\Administrator\Zotero\storage\G8TAGB2L\Turner 等 - 2016 - Long-term ozone exposure and mortality in a large prospective study.pdf}
}

@article{vinikoor-imlerExploratoryAnalysisRelationship2015,
  title = {An Exploratory Analysis of the Relationship between Ambient Ozone and Particulate Matter Concentrations during Early Pregnancy and Selected Birth Defects in Texas},
  author = {{Vinikoor-Imler}, Lisa C. and Stewart, Thomas G. and Luben, Thomas J. and Davis, J. Allen and Langlois, Peter H.},
  year = {2015},
  month = jul,
  journal = {Environmental Pollution},
  volume = {202},
  pages = {1--6},
  issn = {0269-7491},
  doi = {10.1016/j.envpol.2015.03.001},
  urldate = {2025-01-17},
  langid = {american},
  annotation = {TLDR: An exploratory analysis of ozone (O3) and fine particulate matter (PM2.5) concentrations during early pregnancy and multiple types of birth defects generated hypotheses for future, confirmatory studies; although many of the observed associations were null.},
  file = {C\:\\Users\\Administrator\\Zotero\\storage\\CNLB9G96\\Vinikoor-Imler 等 - 2015 - An exploratory analysis of the relationship between ambient ozone and particulate matter concentrati.pdf;C\:\\Users\\Administrator\\Zotero\\storage\\J5Q4X7P2\\S0269749115001153.html}
}

@article{wangHealthImpactsLongterm2020,
  title = {Health Impacts of Long-Term Ozone Exposure in China over 2013--2017},
  author = {Wang, Yuanlin and Wild, Oliver and Chen, Xueshun and Wu, Qizhong and Gao, Meng and Chen, Huansheng and Qi, Yi and Wang, Zifa},
  year = {2020},
  month = nov,
  journal = {Environment International},
  volume = {144},
  pages = {106030},
  issn = {0160-4120},
  doi = {10.1016/j.envint.2020.106030},
  urldate = {2025-01-17},
  langid = {american},
  annotation = {TLDR: It is found that interannual variations in population-weighted ozone and premature respiratory deaths at a provincial level are much larger than those at a national level, particularly in northern, central and eastern China.},
  file = {C\:\\Users\\Administrator\\Zotero\\storage\\XKD6MMUM\\Wang 等 - 2020 - Health impacts of long-term ozone exposure in China over 2013–2017.pdf;C\:\\Users\\Administrator\\Zotero\\storage\\4TK3P74Y\\S0160412020319851.html}
}

@article{wangReviewBayesianSpatiotemporal2024,
  title = {A Review of Bayesian Spatiotemporal Models in Spatial Epidemiology},
  author = {Wang, Yufeng and Chen, Xue and Xue, Feng},
  year = {2024},
  month = mar,
  journal = {ISPRS International Journal of Geo-Information},
  volume = {13},
  number = {3},
  pages = {97},
  publisher = {Multidisciplinary Digital Publishing Institute},
  issn = {2220-9964},
  doi = {10.3390/ijgi13030097},
  urldate = {2025-01-17},
  copyright = {http://creativecommons.org/licenses/by/3.0/},
  langid = {english},
  annotation = {TLDR: A comprehensive review of the historical development and application of Bayesian spatiotemporal models concerning disease mapping, prediction, and regression analysis in spatial epidemiology to enhance comprehension of the dynamic spatiotemporal distribution and prediction of epidemics.},
  file = {C:\Users\Administrator\Zotero\storage\GPZRKWPM\Wang 等 - 2024 - A review of bayesian spatiotemporal models in spatial epidemiology.pdf}
}

@article{xuImpactBiomassBurning2018,
  title = {Impact of Biomass Burning and Vertical Mixing of Residual-Layer Aged Plumes on Ozone in the Yangtze River Delta, China: A Tethered-Balloon Measurement and Modeling Study of a Multiday Ozone Episode},
  author = {Xu, Zhengning and Huang, Xin and Nie, Wei and Shen, Yicheng and Zheng, Longfei and Xie, Yuning and Wang, Tianyi and Ding, Ke and Liu, Lixia and Zhou, Derong and Qi, Ximeng and Ding, Aijun},
  year = {2018},
  journal = {Journal of Geophysical Research: Atmospheres},
  volume = {123},
  number = {20},
  pages = {11,786--11,803},
  issn = {2169-8996},
  doi = {10.1029/2018JD028994},
  urldate = {2025-01-18},
  copyright = {{\copyright}2018. American Geophysical Union. All Rights Reserved.},
  langid = {english},
  file = {C:\Users\Administrator\Zotero\storage\KHYF5YHZ\Xu 等 - 2018 - Impact of biomass burning and vertical mixing of residual-layer aged plumes on ozone in the yangtze.pdf}
}

@article{yanExceptionalHeatwaves20172022,
  title = {The Exceptional Heatwaves of 2017 and All-Cause Mortality: An Assessment of Nationwide Health and Economic Impacts in China},
  author = {Yan, Meilin and Xie, Yang and Zhu, Huanhuan and Ban, Jie and Gong, Jicheng and Li, Tiantian},
  year = {2022},
  month = mar,
  journal = {Science of The Total Environment},
  volume = {812},
  pages = {152371},
  issn = {0048-9697},
  doi = {10.1016/j.scitotenv.2021.152371},
  urldate = {2025-01-18},
  langid = {american},
  annotation = {TLDR: The 2017 exceptional heatwaves in China had a statistically significant association with all-cause mortality and had an overall death-related economic loss of 61,304 million RMB as valued by VSL.}
}

@article{YeZhongGuoChouYangDuanQiBaoLuYuRenQunSiWangZhiJianGuanXiDeMetaFenXiYanJiu2020,
  title = {中国臭氧短期暴露与人群死亡之间关系的Meta分析研究},
  author = {叶, 伟鹏 and 刘, 苗苗 and 毕, 军},
  year = {2020},
  journal = {环境科学学报},
  volume = {40},
  number = {7},
  pages = {2644--2651},
  issn = {0253-2468},
  doi = {10.13671/j.hjkxxb.2020.0146},
  urldate = {2025-01-17},
  langid = {chinese},
  file = {C\:\\Users\\Administrator\\Zotero\\storage\\JA9AAINA\\叶 等 - 2020 - 中国臭氧短期暴露与人群死亡之间关系的Meta分析研究.pdf;C\:\\Users\\Administrator\\Zotero\\storage\\KN5FPR8F\\叶 等 - 2020 - 中国臭氧短期暴露与人群死亡之间关系的Meta分析研究.pdf;C\:\\Users\\Administrator\\Zotero\\storage\\WLG2WUAG\\叶 等 - 2020 - 中国臭氧短期暴露与人群死亡之间关系的Meta分析研究.pdf;C\:\\Users\\Administrator\\Zotero\\storage\\XCUAEXIV\\叶 等 - 2020 - 中国臭氧短期暴露与人群死亡之间关系的Meta分析研究.pdf}
}
