@phdthesis{KongShenTouMoDuiWeiLiangYouJiWuDeQuChuYuChuanZhiTeXingYanJiu2016,
  type = {博士},
  title = {渗透膜对微量有机物的去除与传质特性研究},
  author = {孔, 繁鑫},
  year = {2016},
  urldate = {2025-01-18},
  langid = {chinese},
  school = {清华大学}
}

@article{LiNaiWuRanXingFuHeNaLuMoZhiBeiJiShuYanJiuJinZhan2016,
  title = {耐污染性复合纳滤膜制备技术研究进展},
  author = {李, 红宾 and 石, 文英 and 朱, 红英 and 王, 薇 and 苏, 玉恒 and 张, 海霞},
  year = {2016},
  journal = {水处理技术},
  volume = {42},
  number = {6},
  pages = {1--7},
  issn = {1000-3770},
  doi = {10.16796/j.cnki.1000-3770.2016.06.001},
  urldate = {2025-01-18},
  langid = {chinese}
}

@article{LiuZhongGuoShuiYuanWeiWuRanXianZhuangJiFengXianFangKongJianYi2021,
  title = {中国水源微污染现状及风险防控建议},
  author = {刘, 琰 and 李, 雪 and 乔, 肖翠 and 葛, 思敏 and 郑, 丙辉},
  year = {2021},
  journal = {环境污染与防治},
  volume = {43},
  number = {9},
  pages = {1205--1208},
  issn = {1001-3865},
  doi = {10.15985/j.cnki.1001-3865.2021.09.022},
  urldate = {2025-01-18},
  langid = {chinese}
}

@article{QinMoFenChiJiShuZaiJiaYongJingShuiJiZhongDeYingYong2018,
  title = {膜分离技术在家用净水机中的应用},
  author = {秦, 超凡 and 吴, 自成},
  year = {2018},
  journal = {科技创新导报},
  volume = {15},
  number = {8},
  pages = {129--130},
  issn = {1674-098X},
  doi = {10.16660/j.cnki.1674-098X.2018.08.129},
  urldate = {2025-01-18},
  langid = {chinese}
}

@article{QinMOFsGaiXingNaLuMoQuChuYinYongShuiZhongWeiLiangYouJiWuJinZhan2022,
  title = {MOFs改性纳滤膜去除饮用水中微量有机物进展},
  author = {秦, 源 and 于, 水利 and 顾, 正阳 and 李, 平},
  year = {2022},
  journal = {中国给水排水},
  volume = {38},
  number = {4},
  pages = {44--48},
  issn = {1000-4602},
  doi = {10.19853/j.zgjsps.1000-4602.2022.04.008},
  urldate = {2025-01-18},
  langid = {chinese}
}

@article{SongJinShuiShuiZhiDuiNaLuMoKuXianShuiRuanHuaDeFenChiXingNeng2017,
  title = {进水水质对纳滤膜苦咸水软化的分离性能},
  author = {宋, 跃飞 and 赵, 果 and 李, 铁梅 and 秦, 文博},
  year = {2017},
  journal = {化工学报},
  volume = {68},
  number = {8},
  pages = {3133--3140},
  issn = {0438-1157},
  urldate = {2025-01-18},
  langid = {chinese}
}

@article{XiongZhuJiangSanJiaoZhouHeLiuYinYongShuiYuanZhongDeHuanJingNeiFenMiGanRaoWuJiQiFengXian2020,
  title = {珠江三角洲河流饮用水源中的环境内分泌干扰物及其风险},
  author = {熊, 小萍 and 龚, 剑 and 林, 粲源 and 周, 永顺 and 杜, 勇明 and 吴, 翠琴},
  year = {2020},
  journal = {生态环境学报},
  volume = {29},
  number = {5},
  pages = {996--1004},
  issn = {1674-5906},
  doi = {10.16258/j.cnki.1674-5906.2020.05.016},
  urldate = {2025-01-18},
  langid = {chinese}
}

@article{ZhangMianXiangRuanHuaShuiChuLiDeNaLuMoFenChiJiShu2006,
  title = {面向软化水处理的纳滤膜分离技术},
  author = {张, 显球 and 侯, 小刚 and 张, 林生 and 吕, 锡武},
  year = {2006},
  journal = {膜科学与技术},
  number = {2},
  pages = {64-67+74},
  issn = {1007-8924},
  urldate = {2025-01-18},
  langid = {chinese}
}

@article{ZhaoMoFenChiJiShuZaiZaiShengShuiZhongDeYingYongJiMoWuRanYanJiuJinZhan2021,
  title = {膜分离技术在再生水中的应用及膜污染研究进展},
  author = {赵, 丽红 and 郭, 佳艺},
  year = {2021},
  journal = {科学技术与工程},
  volume = {21},
  number = {19},
  pages = {7874--7883},
  issn = {1671-1815},
  urldate = {2025-01-18},
  langid = {chinese}
}

@article{ZhaoMoFenChiJiShuZaiZaiShengShuiZhongDeYingYongJiMoWuRanYanJiuJinZhan2021a,
  title = {膜分离技术在再生水中的应用及膜污染研究进展},
  author = {赵, 丽红 and 郭, 佳艺},
  year = {2021},
  journal = {科学技术与工程},
  volume = {21},
  number = {19},
  pages = {7874--7883},
  issn = {1671-1815},
  urldate = {2025-01-18},
  langid = {chinese}
}

@article{ZhouNaLuMoShuiChuLiJiShuZaiJingShuiGongYiZhongDeYingYong2023,
  title = {纳滤膜水处理技术在净水工艺中的应用},
  author = {周, 芸 and 尹, 晓芳},
  year = {2023},
  journal = {智能城市},
  volume = {9},
  number = {2},
  pages = {106--108},
  issn = {2096-1936},
  doi = {10.19301/j.cnki.zncs.2023.02.031},
  urldate = {2025-01-18},
  langid = {chinese}
}
